<record><leader>00000cas a22000007a 4500</leader><controlfield tag="001">24298707</controlfield><controlfield tag="008">910827d19701971nyuwr ne      0    0eng d</controlfield><datafield ind1=" " ind2=" " tag="010"><subfield code="a">sn 91066917 </subfield></datafield><datafield ind1=" " ind2=" " tag="040"><subfield code="a">NYS</subfield><subfield code="b">eng</subfield><subfield code="c">NYS</subfield><subfield code="d">OCLCQ</subfield></datafield><datafield ind1=" " ind2=" " tag="042"><subfield code="a">msc</subfield></datafield><datafield ind1="0" ind2=" " tag="130"><subfield code="a">Photo news (Monroe, N.Y. : 1970)</subfield></datafield><datafield ind1="1" ind2="4" tag="245"><subfield code="a">The photo news.</subfield></datafield><datafield ind1=" " ind2=" " tag="260"><subfield code="a">Monroe, N.Y. :</subfield><subfield code="b">Edward N. Klein,</subfield><subfield code="c">1967-1970.</subfield></datafield><datafield ind1=" " ind2=" " tag="300"><subfield code="a">2 v. :</subfield><subfield code="b">ill. ;</subfield><subfield code="c">42 cm.</subfield></datafield><datafield ind1=" " ind2=" " tag="310"><subfield code="a">Weekly</subfield></datafield><datafield ind1="0" ind2=" " tag="362"><subfield code="a">Vol. 4, no. 190 (Oct. 22, 1970)-v. 5, no. 229 (July 29, 1971).</subfield></datafield><datafield ind1=" " ind2=" " tag="500"><subfield code="a">Published on Thursday.</subfield></datafield><datafield ind1=" " ind2=" " tag="500"><subfield code="a">Monroe [N.Y.], Woodbury [N.Y.], Chester [N.Y.], Goshen [N.Y.], Tuxedo [N.Y.] appear within masthead.</subfield></datafield><datafield ind1=" " ind2="4" tag="651"><subfield code="a">Monroe (N.Y.)</subfield><subfield code="v">Newspapers.</subfield></datafield><datafield ind1=" " ind2="4" tag="651"><subfield code="a">Woodbury (N.Y.)</subfield><subfield code="v">Newspapers.</subfield></datafield><datafield ind1=" " ind2="4" tag="651"><subfield code="a">Chester (N.Y.)</subfield><subfield code="v">Newspapers.</subfield></datafield><datafield ind1=" " ind2="4" tag="651"><subfield code="a">Goshen (N.Y.)</subfield><subfield code="v">Newspapers.</subfield></datafield><datafield ind1=" " ind2="4" tag="651"><subfield code="a">Tuxedo (N.Y.)</subfield><subfield code="v">Newspapers.</subfield></datafield><datafield ind1=" " ind2=" " tag="752"><subfield code="a">United States</subfield><subfield code="b">New York</subfield><subfield code="c">Orange</subfield><subfield code="d">Monroe.</subfield></datafield><datafield ind1=" " ind2=" " tag="752"><subfield code="a">United States</subfield><subfield code="b">New York</subfield><subfield code="c">Orange</subfield><subfield code="d">Woodbury.</subfield></datafield><datafield ind1=" " ind2=" " tag="752"><subfield code="a">United States</subfield><subfield code="b">New York</subfield><subfield code="c">Orange</subfield><subfield code="d">Chester.</subfield></datafield><datafield ind1=" " ind2=" " tag="752"><subfield code="a">United States</subfield><subfield code="b">New York</subfield><subfield code="c">Orange</subfield><subfield code="d">Goshen.</subfield></datafield><datafield ind1=" " ind2=" " tag="752"><subfield code="a">United States</subfield><subfield code="b">New York</subfield><subfield code="c">Orange</subfield><subfield code="d">Tuxedo.</subfield></datafield><datafield ind1="0" ind2="0" tag="780"><subfield code="t">Orange County photo news</subfield><subfield code="w">(DLC)sn 91066916</subfield><subfield code="w">(OCoLC)24298608</subfield></datafield><datafield ind1="0" ind2="0" tag="785"><subfield code="t">Monroe-Woodbury-Vails Gate advertiser photo news</subfield><subfield code="w">(DLC)sn 91066918</subfield><subfield code="w">(OCoLC)24298879</subfield></datafield><datafield ind1="1" ind2=" " tag="029"><subfield code="a">AU@</subfield><subfield code="b">000025853561</subfield></datafield></record>